<record><leader>00000cas a22000007i 4500</leader><controlfield tag="001">840825591</controlfield><controlfield tag="008">130425c20uu9999njuwr ne      |   a0eng  </controlfield><datafield ind1=" " ind2=" " tag="010"><subfield code="a">  2013200305</subfield></datafield><datafield ind1=" " ind2=" " tag="040"><subfield code="a">DLC</subfield><subfield code="b">eng</subfield><subfield code="e">rda</subfield><subfield code="c">DLC</subfield><subfield code="d">DLC</subfield><subfield code="d">OCLCQ</subfield></datafield><datafield ind1=" " ind2=" " tag="012"><subfield code="l">1</subfield></datafield><datafield ind1="1" ind2=" " tag="022"><subfield code="a">2328-6113</subfield><subfield code="2">1</subfield></datafield><datafield ind1=" " ind2=" " tag="037"><subfield code="b">CMD Media, LLC, Suite 503, 1139 East Jerset St., Elizabeth, NJ 07201</subfield></datafield><datafield ind1=" " ind2=" " tag="042"><subfield code="a">nsdp</subfield><subfield code="a">pcc</subfield></datafield><datafield ind1="1" ind2="0" tag="050"><subfield code="a">ISSN RECORD</subfield></datafield><datafield ind1=" " ind2="0" tag="222"><subfield code="a">NJtoday.net</subfield><subfield code="b">(Print)</subfield></datafield><datafield ind1="0" ind2="0" tag="245"><subfield code="a">NJtoday.net.</subfield></datafield><datafield ind1="3" ind2=" " tag="246"><subfield code="a">NJ today</subfield></datafield><datafield ind1="3" ind2=" " tag="246"><subfield code="a">New Jersey today</subfield></datafield><datafield ind1=" " ind2="1" tag="264"><subfield code="a">Elizabeth, NJ :</subfield><subfield code="b">CMD Media, LLC</subfield></datafield><datafield ind1=" " ind2=" " tag="310"><subfield code="a">Weekly</subfield></datafield><datafield ind1=" " ind2=" " tag="336"><subfield code="a">text</subfield><subfield code="b">txt</subfield><subfield code="2">rdacontent</subfield></datafield><datafield ind1=" " ind2=" " tag="337"><subfield code="a">unmediated</subfield><subfield code="b">n</subfield><subfield code="2">rdamedia</subfield></datafield><datafield ind1=" " ind2=" " tag="338"><subfield code="a">volume</subfield><subfield code="b">nc</subfield><subfield code="2">rdacarrier</subfield></datafield><datafield ind1=" " ind2=" " tag="500"><subfield code="a">At head of title: "News Record / Patriot / Atom Tabloid &amp; Citizen gazette."</subfield></datafield><datafield ind1=" " ind2=" " tag="588"><subfield code="a">Description based on surrogate of: VOL. 188, no. 10 (March 08, 2013); title from caption.</subfield></datafield><datafield ind1=" " ind2=" " tag="588"><subfield code="a">Latest issue consulted: VOL. 188, no. 10 (March 08, 2013) (surrogate).</subfield></datafield><datafield ind1=" " ind2=" " tag="752"><subfield code="a">United States</subfield><subfield code="b">New Jersey</subfield><subfield code="c">Union.</subfield></datafield><datafield ind1=" " ind2=" " tag="752"><subfield code="a">United States</subfield><subfield code="b">New Jersey</subfield><subfield code="c">Middlesex.</subfield></datafield><datafield ind1="0" ind2="8" tag="776"><subfield code="i">Online version:</subfield><subfield code="t">NJtoday.net</subfield><subfield code="x">2328-6121</subfield><subfield code="w">(DLC)  2013200306</subfield><subfield code="w">(OCoLC)840823302</subfield></datafield><datafield ind1="4" ind2="1" tag="856"><subfield code="u">http://www.njtoday.net</subfield></datafield></record>